@book{jackson2008,
  title={Social and Economic Networks},
  author={Jackson, M.O.},
  year={2008},
  publisher={Princeton Univ Pr}
}

@article{jacksonforth,
  title={Social Capital and Social Quilts: Network Patterns of Favor Exchange},
  author={Jackson, M.O. and Rodriguez-Barraquer, T. and Tan, X.},
  journal={American Economic Review},
  year={Forthcoming},
  publisher={American Economic Association}
}

@article{fowler2006a,
  title={Connecting the Congress: A study of cosponsorship networks},
  author={Fowler, J.H.},
  journal={Political Analysis},
  volume={14},
  number={4},
  pages={456},
  year={2006},
  publisher={SPM-PMSAPSA}
}

@article{peltzman1984,
  title={Constituent interest and congressional voting},
  author={Peltzman, S.},
  journal={Journal of Law and Economics},
  volume={27},
  pages={181},
  year={1984},
  publisher={HeinOnline}
}

@article{fowler2006b,
  title={Legislative cosponsorship networks in the US House and Senate},
  author={Fowler, J.H.},
  journal={Social Networks},
  volume={28},
  number={4},
  pages={454--465},
  year={2006},
  publisher={Elsevier}
}

@article{fowler2010,
  title={Legislative success in a small world: Social network analysis and the dynamics of congressional legislation},
  author={Cho, W.K.T. and Fowler, J.H.},
  journal={The Journal of Politics},
  volume={72},
  number={1},
  pages={124--135},
  year={2010},
  publisher={Cambridge Univ Press}
}

@UNPUBLISHED{fowler2011,
   author = {Waugh, A.S. and Pei, L. and Fowler, J.H. and Porter, M.A.},
   title = {Party Polarization in Congress: A Network Science Approach},
   year = 2011,
   }

@article{porter2005,
  title={A network analysis of committees in the US House of Representatives},
  author={Porter, M.A. and Mucha, P.J. and Newman, M.E.J. and Warmbrand, C.M.},
  journal={Proceedings of the National Academy of Sciences of the United States of America},
  volume={102},
  number={20},
  pages={7057},
  year={2005},
  publisher={National Acad Sciences}
}

@Misc{reuters,
howpublished = {Thomson Reuters},
note = {Accessed August 5, 2011},
title = {Special report: How Washington took the U.S. to the brink},
author = {Bohan, C. and Sullivan, A. and Ferraro, T.},
year = {2011}
url = {http://www.reuters.com/article/2011/08/03/us-usa-debt-brink-idUSTRE77271R20110803}
}

@Misc{politico,
howpublished = {Politico},
note = {Accessed August 5, 2011},
title = {Joe Biden, Mitch McConnell and the making of a debt deal},
author = {Thrush, G. and Brown, C.B. and Raju, M. and Bresnahan, J.},
year = {2011}
url = {\url{http://www.politico.com/news/stories/0811/60463.html}}
}

@article{lazer2009,
  title={Life in the network: the coming age of computational social science},
  author={Lazer, D. and Pentland, A.S. and Adamic, L. and Aral, S. and Barabasi, A.L. and Brewer, D. and Christakis, N. and Contractor, N. and Fowler, J. and Gutmann, M. and others},
  journal={Science (New York, NY)},
  volume={323},
  number={5915},
  pages={721},
  year={2009},
  publisher={NIH Public Access}
}

@UNPUBLISHED{jackson2010,
   author = "Jackson, M.O.",
   title = "Research Opportunities in the Study of Social and Economic Networks",
   note = "White paper prepared for the NSF/SBE",
   month = September,
   day = 21
   year = 2010
}

@techreport{cohen2010,
  title={Friends in high places},
  author={Cohen, L. and Malloy, C.},
  year={2010},
  institution={National Bureau of Economic Research}
}

@article{masket2008,
  title={Where You Sit is Where You Stand: The Impact of Seating Proximity on Legislative Cue-Taking},
  author={Masket, S.E.},
  journal={Quarterly Journal of Political Science},
  volume={3},
  pages={301--311},
  year={2008}
}

@inproceedings{victor2008,
  title={Legislative Caucuses as Social Networks in the 110th US House of Representatives},
  author={Victor, J.N. and Ringe, N.},
  year={2008}
}

@article{porter2005,
  title={A network analysis of committees in the US House of Representatives},
  author={Porter, M.A. and Mucha, P.J. and Newman, M.E.J. and Warmbrand, C.M.},
  journal={Proceedings of the National Academy of Sciences of the United States of America},
  volume={102},
  number={20},
  pages={7057},
  year={2005},
  publisher={National Acad Sciences}
}
@article{bowles2002,
  title={Social Capital And Community Governance*},
  author={Bowles, S. and Gintis, H.},
  journal={The Economic Journal},
  volume={112},
  number={483},
  pages={F419--F436},
  year={2002},
  publisher={Wiley Online Library}
}

@UNPUBLISHED{sinclair2008,
   author = {Sinclair, B. and Bailey, D.},
   journal={Mimeo},
   title = {Political Networks and the Impact of Term Limits},
   month = July,
   year = 2008
}

@article{kranton1996,
  title={Reciprocal exchange: A self-sustaining system},
  author={Kranton, R.E.},
  journal={The American Economic Review},
  pages={830--851},
  year={1996},
  publisher={JSTOR}
}

@article{bowles2004,
  title={Persistent parochialism: trust and exclusion in ethnic networks},
  author={Bowles, S. and Gintis, H.},
  journal={Journal of Economic Behavior \& Organization},
  volume={55},
  number={1},
  pages={1--23},
  year={2004},
  publisher={Elsevier}
}

@Misc{clerk,
howpublished = {Office of the Clerk -- U.S. House of Representatives},
note = {Accessed August 7, 2011},
title = {E-mail me: Congress and the internet},
url = {\url{http://artandhistory.house.gov/house_history/technology/internet.aspx}}
}

@Misc{fowlerdata,
howpublished = {IQSS Dataverse Network},
note = {Accessed August 9, 2011},
title = {Replication data for: Connecting the Congress: A Study of Cosponsorship Networks},
url = {\url{http://hdl.handle.net/1902.1/10514}},
note = UNF:3:itEtOBEJ9KF5NEMmjLQPnQ== James H. Fowler [Distributor] V1 [Version]
}

@article{zhang2008,
  title={Community structure in Congressional cosponsorship networks},
  author={Zhang, Y. and Friend, AJ and Traud, A.L. and Porter, M.A. and Fowler, J.H. and Mucha, P.J.},
  journal={Physica A: Statistical Mechanics and its Applications},
  volume={387},
  number={7},
  pages={1705--1712},
  year={2008},
  publisher={Elsevier}
}

@article{newman2006,
  title={Modularity and community structure in networks},
  author={Newman, M.E.J.},
  journal={Proceedings of the National Academy of Sciences},
  volume={103},
  number={23},
  pages={8577},
  year={2006},
  publisher={National Acad Sciences}
}

@book{angrist2008,
  title={Mostly harmless econometrics: An empiricist's companion},
  author={Angrist, J.D. and Pischke, J.S.},
  year={2008},
  publisher={Princeton Univ Pr}
}

   
@article{waugh2010,
  title={Party polarization in congress: A network science approach},
  author={Waugh, A.S. and Pei, L. and Fowler, J.H. and Mucha, P.J. and Porter, M.A.},
  journal={ArXiv},
  volume={907},
  year={2010}
}

@article{porter2007,
  title={Community structure in the United States House of Representatives},
  author={Porter, M.A. and Mucha, P.J. and Newman, M.E.J. and Friend, AJ},
  journal={Physica A: Statistical Mechanics and its Applications},
  volume={386},
  number={1},
  pages={414--438},
  year={2007},
  publisher={Elsevier}
}

@article{macon2011,
  title={Community Structure in the United Nations General Assembly},
  author={Macon, K.T. and Mucha, P.J. and Porter, M.A.},
  journal={Physica A: Statistical Mechanics and its Applications},
  year={2011},
  publisher={Elsevier}
}

@article{berry2010,
  title={The president and the distribution of federal spending},
  author={Berry, C.R. and Burden, B.C. and Howell, W.G.},
  journal={American Political Science Review},
  volume={104},
  number={04},
  pages={783--799},
  year={2010},
  publisher={Cambridge Univ Press}
}

@article{levitt1995,
  title={Political parties and the distribution of federal outlays},
  author={Levitt, S.D. and Snyder Jr, J.M.},
  journal={American Journal of Political Science},
  pages={958--980},
  year={1995},
  publisher={JSTOR}
}

@article{levitt1997,
  title={The Impact of Federal Spending on House Election Outcomes},
  author={Levitt, S.D. and Snyder Jr, J.M.},
  journal={The Journal of Political Economy},
  volume={105},
  number={1},
  pages={30--53},
  year={1997}
}

@article{swift2000,
  title={Database of Historical Congressional Statistics},
  author={Swift, E.K. and Brookshire, R.G. and Canon, D.T. and Fink, E.C. and Hibbing, J.R. and Humes, B.D. and Malbin, M.J. and Martis, K.C.},
  journal={Ann Arbor, MI: Inter-university Consortium for Political and Social Research. http://webapp. icpsr. umich. edu/cocoon/ICPSR-STUDY/03371. xml},
  year={2000}
}

@article{adler,
  title={Congressional District Data File},
  author={Adler, E.S.},
  year={1998},
  journal={University of Colorado, Boulder, CO}
}

@article{mitchell1991,
  title={Economic models of interest groups: An introductory survey},
  author={Mitchell, W.C. and Munger, M.C.},
  journal={American Journal of Political Science},
  pages={512--546},
  year={1991},
  publisher={JSTOR}
}

@article{strom1990,
  title={A behavioral theory of competitive political parties},
  author={Strom, K.},
  journal={American Journal of Political Science},
  pages={565--598},
  year={1990},
  publisher={JSTOR}
}

@article{poole1996,
  title={Are legislators ideologues or the agents of constituents?},
  author={Poole, K.T. and Rosenthal, H.},
  journal={European Economic Review},
  volume={40},
  number={3-5},
  pages={707--717},
  year={1996},
  publisher={Elsevier}
}

@article{weingast1979,
  title={A rational choice perspective on congressional norms},
  author={Weingast, B.R.},
  journal={American Journal of Political Science},
  pages={245--262},
  year={1979},
  publisher={JSTOR}
}

@article{weingast1981,
  title={The political economy of benefits and costs: A neoclassical approach to distributive politics},
  author={Weingast, B.R. and Shepsle, K.A. and Johnsen, C.},
  journal={The Journal of Political Economy},
  pages={642--664},
  year={1981},
  publisher={JSTOR}
}

@article{weingast1988,
  title={The industrial organization of Congress; or, why legislatures, like firms, are not organized as markets},
  author={Weingast, B.R. and Marshall, W.J.},
  journal={The Journal of Political Economy},
  pages={132--163},
  year={1988},
  publisher={JSTOR}
}

@article{baron1989,
  title={Bargaining in legislatures},
  author={Baron, D.P. and Ferejohn, J.A.},
  journal={The American Political Science Review},
  pages={1181--1206},
  year={1989},
  publisher={JSTOR}
}

@article{mckelvey1992,
  title={Seniority in legislatures},
  author={McKelvey, R.D. and Riezman, R.},
  journal={American Political Science Review},
  pages={951--965},
  year={1992},
  publisher={JSTOR}
}

@article{knight2005,
  title={Estimating the value of proposal power},
  author={Knight, B.},
  journal={The American Economic Review},
  volume={95},
  number={5},
  pages={1639--1652},
  year={2005},
  publisher={American Economic Association}
}

@article{knight2008,
  title={Legislative Representation, Bargaining Power and the Distribution of Federal Funds: Evidence from the US Congress},
  author={Knight, B.},
  journal={The Economic Journal},
  volume={118},
  number={532},
  pages={1785--1803},
  year={2008},
  publisher={Wiley Online Library}
}

@article{bickers1996,
  title={The electoral dynamics of the federal pork barrel},
  author={Bickers, K.N. and Stein, R.M.},
  journal={American Journal of Political Science},
  pages={1300--1326},
  year={1996},
  publisher={JSTOR}
}

@article{stein1994,
  title={Congressional elections and the pork barrel},
  author={Stein, R.M. and Bickers, K.N.},
  journal={The Journal of Politics},
  volume={56},
  number={02},
  pages={377--399},
  year={1994},
  publisher={Cambridge Univ Press}
}

@article{berry2010,
  title={The president and the distribution of federal spending},
  author={Berry, C.R. and Burden, B.C. and Howell, W.G.},
  journal={American Political Science Review},
  volume={104},
  number={04},
  pages={783--799},
  year={2010},
  publisher={Cambridge Univ Press}
}

@techreport{albouy2009,
  title={Partisan representation in Congress and the geographic distribution of federal funds},
  author={Albouy, D.},
  year={2009},
  institution={National Bureau of Economic Research}
}

@article{atlas1995,
  title={Slicing the federal government net spending pie: Who wins, who loses, and why},
  author={Atlas, C.M. and Gilligan, T.W. and Hendershott, R.J. and Zupan, M.A.},
  journal={The American Economic Review},
  volume={85},
  number={3},
  pages={624--629},
  year={1995},
  publisher={JSTOR}
}

@article{knight2004,
  title={Parochial interests and the centralized provision of local public goods: evidence from congressional voting on transportation projects},
  author={Knight, B.},
  journal={Journal of Public Economics},
  volume={88},
  number={3-4},
  pages={845--866},
  year={2004},
  publisher={Elsevier}
}

@article{lee1998,
  title={Representation and public policy: The consequences of Senate apportionment for the geographic distribution of federal funds},
  author={Lee, F.E.},
  journal={Journal of Politics},
  volume={60},
  pages={34--62},
  year={1998},
  publisher={Cambridge Univ Press}
}
@article{mihaly2009,
  title={Do More Friends Mean Better Grades?},
  author={Mihaly, K.},
  year={2009},
  publisher={RAND Corporation}
}

@article{bala2003,
  title={A noncooperative model of network formation},
  author={Bala, V. and Goyal, S.},
  journal={Econometrica},
  volume={68},
  number={5},
  pages={1181--1229},
  year={2003},
  publisher={Wiley Online Library}
}

@article{bloch2007,
  title={The formation of networks with transfers among players},
  author={Bloch, F. and Jackson, M.O.},
  journal={Journal of Economic Theory},
  volume={133},
  number={1},
  pages={83--110},
  year={2007},
  publisher={Elsevier}
}

@article{goyal2005,
  title={Network formation and social coordination},
  author={Goyal, S. and Vega-Redondo, F.},
  journal={Games and Economic Behavior},
  volume={50},
  number={2},
  pages={178--207},
  year={2005},
  publisher={Elsevier}
}

@article{miura2009,
  title={Stata graph library for network analysis},
  author={Miura, H.},
  journal={Stata Journal},
  volume={12},
  number={1},
  pages={94--129},
  year={2009},
  publisher={StataCorp LP}
}

@article{hage1995,
  title={Eccentricity and centrality in networks},
  author={Hage, P. and Harary, F.},
  journal={Social networks},
  volume={17},
  number={1},
  pages={57--63},
  year={1995},
  publisher={Elsevier}
}

@article{calvo2009,
  title={Peer effects and social networks in education},
  author={Calv{\'o}-Armengol, A. and Patacchini, E. and Zenou, Y.},
  journal={Review of Economic Studies},
  volume={76},
  number={4},
  pages={1239--1267},
  year={2009},
  publisher={Wiley Online Library}
}

@book{anselin1988,
  title={Spatial Econometrics: Methods and Models},
  author={Anselin, L.},
  volume={4},
  year={1988},
  publisher={Springer}
}

@article{hojman2008,
  title={Core and periphery in networks},
  author={Hojman, D.A. and Szeidl, A.},
  journal={Journal of Economic Theory},
  volume={139},
  number={1},
  pages={295--309},
  year={2008},
  publisher={Elsevier}
}

@article{bonacich2007,
  title={Some unique properties of eigenvector centrality},
  author={Bonacich, P.},
  journal={Social Networks},
  volume={29},
  number={4},
  pages={555--564},
  year={2007},
  publisher={Elsevier}
}

@article{manski1993,
  title={Identification of endogenous social effects: The reflection problem},
  author={Manski, C.F.},
  journal={The Review of Economic Studies},
  volume={60},
  number={3},
  pages={531--542},
  year={1993},
  publisher={Oxford University Press}
}

@techreport{fletcher2012,
  title={Estimating the Effects of Friendship Networks on Health Behaviors of Adolescents},
  author={Fletcher, J.M. and Ross, S.L.},
  year={2012},
  institution={National Bureau of Economic Research}
}

@article{jeanty2010a,
  title={SPWMATRIX: Stata module to generate, import, and export spatial weights},
  author={Jeanty, P.W.},
  journal={Statistical Software Components},
  year={2010},
  publisher={Boston College Department of Economics}
}

@article{jeanty2010b,
  title={SPMLREG: Stata module to estimate the spatial lag, the spatial error, the spatial durbin, and the general spatial models by maximum likelihood},
  author={Jeanty, P.W.},
  journal={Statistical Software Components},
  year={2010},
  publisher={Boston College Department of Economics}
}

@article{kelejian1993,
  title={A suggested method of estimation for spatial interdependent models with autocorrelated errors, and an application to a county expenditure model},
  author={Kelejian, H.H. and Robinson, D.P.},
  journal={Papers in regional science},
  volume={72},
  number={3},
  pages={297--312},
  year={1993},
  publisher={Wiley Online Library}
}

@article{fingleton2008,
  title={Estimating spatial models with endogenous variables, a spatial lag and spatially dependent disturbances: Finite sample properties},
  author={Fingleton, B. and Le Gallo, J.},
  journal={Papers in Regional Science},
  volume={87},
  number={3},
  pages={319--339},
  year={2008},
  publisher={Wiley Online Library}
}

@article{franzese2007,
  title={Spatial econometric models of cross-sectional interdependence in political science panel and time-series-cross-section data},
  author={Franzese, R.J. and Hays, J.C.},
  journal={Political Analysis},
  volume={15},
  number={2},
  pages={140--164},
  year={2007},
  publisher={SPM-PMSAPSA}
}

@article{bartels1991,
  title={Instrumental and ``quasi-instrumental'' variables},
  author={Bartels, L.M.},
  journal={American Journal of Political Science},
  pages={777--800},
  year={1991},
  publisher={JSTOR}
}

@article{cliff1975,
  title={Model building and the analysis of spatial pattern in human geography},
  author={Cliff, AD and Ord, JK},
  journal={Journal of the Royal Statistical Society. Series B (Methodological)},
  volume={37},
  number={3},
  pages={297--348},
  year={1975},
  publisher={JSTOR}
}

@article{powell2012,
  title={Dollars to Votes: The Influence of Fundraising in Congress},
  author={Powell, E.N.},
  year={2012}
}

@article{waugh2010,
  title={Community Structure in Federal Election Donation Networks, 1980-2008},
  author={Waugh, A.S.},
  year={2010}
}

@article{macon2012,
  title={Community Structure in the United Nations General Assembly},
  author={Macon, K.T. and Mucha, P.J. and Porter, M.A.},
  journal={Physica A: Statistical Mechanics and its Applications},
  volume={391},
  number={1},
  pages={343--361},
  year={2012},
  publisher={Elsevier}
}

@paper{ICWSM09154,
author = {Mathieu Bastian and Sebastien Heymann and Mathieu Jacomy},
title = {Gephi: An Open Source Software for Exploring and Manipulating Networks},
conference = {International AAAI Conference on Weblogs and Social Media},
year = {2009},
%url = {url{http://www.aaai.org/ocs/index.php/ICWSM/09/paper/view/154}}
}

@article{stewart2011,
  title={Congressional Committee Assignments, 103rd to 112th Congresses, 1993--2011},
  author={Stewart III, C. and Woon, J.},
  year={2011}
}

@article{hu2005,
  title={Efficient, high-quality force-directed graph drawing},
  author={Hu, Y.},
  journal={Mathematica Journal},
  volume={10},
  number={1},
  pages={37--71},
  year={2005},
  publisher={Redwood City, Ca.: Advanced Book Program, Addison-Wesley Pub. Co., c1990-}
}

@article{barabasi1999,
  title={Emergence of scaling in random networks},
  author={Barab{\'a}si, A.L. and Albert, R.},
  journal={Science},
  volume={286},
  number={5439},
  pages={509--512},
  year={1999},
  publisher={American Association for the Advancement of Science}
}

@article{ioannides2004,
  title={Job information networks, neighborhood effects, and inequality},
  author={Ioannides, Y.M. and Loury, L.D.},
  journal={Journal of Economic Literature},
  volume={42},
  number={4},
  pages={1056--1093},
  year={2004},
  publisher={JSTOR}
}

@article{calvo2009,
  title={Peer effects and social networks in education},
  author={Calv{\'O}-Armengol, A. and Patacchini, E. and Zenou, Y.},
  journal={Review of Economic Studies},
  volume={76},
  number={4},
  pages={1239--1267},
  year={2009},
  publisher={Wiley Online Library}
}

@article{granovetter1973,
  title={The strength of weak ties},
  author={Granovetter, M.S.},
  journal={American Journal of Sociology},
  pages={1360--1380},
  year={1973},
  publisher={JSTOR}
}

@article{frenzen1990,
  title={Purchasing behavior in embedded markets},
  author={Frenzen, J.K. and Davis, H.L.},
  journal={Journal of Consumer Research},
  pages={1--12},
  year={1990},
  publisher={JSTOR}
}

@article{ward2011,
  title={Network analysis and political science},
  author={Ward, M.D. and Stovel, K. and Sacks, A.},
  journal={Annual Review of Political Science},
  volume={14},
  pages={245--264},
  year={2011},
  publisher={Annual Reviews}
}

@article{lazer2011,
  title={Networks in political science: Back to the future},
  author={Lazer, D.},
  journal={PS: Political Science and Politics},
  volume={44},
  number={1},
  pages={61},
  year={2011},
  publisher={Cambridge Univ Press}
}

@article{bertrand2000,
  title={Network Effects and Welfare Cultures},
  author={Bertrand, M. and Luttmer, E.F.P. and Mullainathan, S.},
  journal={Quarterly Journal of Economics},
  pages={1019--1055},
  year={2000},
  publisher={JSTOR}
}

@article{newman2004,
  title={Coauthorship networks and patterns of scientific collaboration},
  author={Newman, M.E.J.},
  journal={Proceedings of the National Academy of Sciences of the United States of America},
  volume={101},
  number={Suppl 1},
  pages={5200--5205},
  year={2004},
  publisher={National Acad Sciences}
}

@article{adamic2000,
  title={Power-law distribution of the world wide web},
  author={Adamic, L.A. and Huberman, B.A.},
  journal={Science},
  volume={287},
  number={5461},
  pages={2115--2115},
  year={2000},
  publisher={American Association for the Advancement of Science}
}

@techreport{banerjee2012,
  title={The diffusion of microfinance},
  author={Banerjee, A. and Chandrasekhar, A.G. and Duflo, E. and Jackson, M.O.},
  year={2012},
  institution={National Bureau of Economic Research}
}

@article{kets2011,
  title={Inequality and network structure},
  author={Kets, W. and Iyengar, G. and Sethi, R. and Bowles, S.},
  journal={Games and Economic Behavior},
  volume={73},
  number={1},
  pages={215--226},
  year={2011},
  publisher={Elsevier}
}

@article{goyal2007,
  title={Structural holes in social networks},
  author={Goyal, S. and Vega-Redondo, F.},
  journal={Journal of Economic Theory},
  volume={137},
  number={1},
  pages={460--492},
  year={2007},
  publisher={Elsevier}
}

@article{jackson1996,
  title={A strategic model of social and economic networks},
  author={Jackson, M.O. and Wolinsky, A.},
  journal={Journal of economic theory},
  volume={71},
  number={1},
  pages={44--74},
  year={1996},
  publisher={New York: Academic Press.}
}

@article{bala2003,
  title={A noncooperative model of network formation},
  author={Bala, V. and Goyal, S.},
  journal={Econometrica},
  volume={68},
  number={5},
  pages={1181--1229},
  year={2003},
  publisher={Wiley Online Library}
}

@article{cann2011,
  title={Exchange Theory, Political Parties, and the Allocation of Federal Distributive Benefits in the House of Representatives},
  author={Cann, D.M. and Sidman, A.H.},
  journal={Journal of Politics},
  volume={1},
  number={1},
  pages={1--14},
  year={2011},
  publisher={Cambridge Univ Press}
}

@article{myerson1977,
  title={Graphs and cooperation in games},
  author={Myerson, R.B.},
  journal={Mathematics of Operations Research},
  volume={2},
  number={3},
  pages={225--229},
  year={1977},
  publisher={INFORMS}
}

@article{borgatti2000,
  title={Models of core/periphery structures},
  author={Borgatti, S.P. and Everett, M.G.},
  journal={Social networks},
  volume={21},
  number={4},
  pages={375--395},
  year={2000},
  publisher={Elsevier}
}

@article{moffitt2001,
  title={Policy interventions, low-level equilibria, and social interactions},
  author={Moffitt, Robert A and others},
  journal={Social dynamics},
  pages={45--82},
  year={2001},
  publisher={Cambridge: MIT Press}
}

@article{ballester2006,
  title={Who's who in networks. wanted: the key player},
  author={Ballester, Coralio and Calv{\'o}-Armengol, Antoni and Zenou, Yves},
  journal={Econometrica},
  volume={74},
  number={5},
  pages={1403--1417},
  year={2006},
  publisher={Wiley Online Library}
}

@article{bonacich1987,
  title={Power and centrality: A family of measures},
  author={Bonacich, Phillip},
  journal={American Journal of Sociology},
  pages={1170--1182},
  year={1987},
  publisher={JSTOR}
}

@article{lee2007,
  title={Identification and estimation of econometric models with group interactions, contextual factors and fixed effects},
  author={Lee, Lung-fei},
  journal={Journal of Econometrics},
  volume={140},
  number={2},
  pages={333--374},
  year={2007},
  publisher={Elsevier}
}

@article{graham2008,
  title={Identifying social interactions through conditional variance restrictions},
  author={Graham, Bryan S},
  journal={Econometrica},
  volume={76},
  number={3},
  pages={643--660},
  year={2008},
  publisher={Wiley Online Library}
}

@article{sacerdote2001,
  title={Peer effects with random assignment: Results for Dartmouth roommates},
  author={Sacerdote, Bruce},
  journal={The Quarterly Journal of Economics},
  volume={116},
  number={2},
  pages={681--704},
  year={2001},
  publisher={Oxford University Press}
}

@article{bramoulle2009,
  title={Identification of peer effects through social networks},
  author={Bramoull{\'e}, Yann and Djebbari, Habiba and Fortin, Bernard},
  journal={Journal of Econometrics},
  volume={150},
  number={1},
  pages={41--55},
  year={2009},
  publisher={Elsevier}
}

@article{guryan2009,
  title={Peer Effects in the Workplace: Evidence from Random Groupings in Professional Golf Tournaments},
  author={Guryan, Jonathan and Kroft, Kory and Notowidigdo, Matthew J},
  journal={American Economic Journal: Applied Economics},
  volume={1},
  number={4},
  pages={34--68},
  year={2009},
  publisher={American Economic Association}
}

@article{mas2009,
  title={Peers at Work},
  author={Mas, Alexandre and Moretti, Enrico},
  journal={The American Economic Review},
  volume={99},
  number={1},
  pages={112--145},
  year={2009},
  publisher={American Economic Association}
}

@article{bandiera2010,
  title={Social incentives in the workplace},
  author={Bandiera, Oriana and Barankay, Iwan and Rasul, Imran},
  journal={The Review of Economic Studies},
  volume={77},
  number={2},
  pages={417--458},
  year={2010},
  publisher={Oxford University Press}
}

@article{christakis2007,
  title={The spread of obesity in a large social network over 32 years},
  author={Christakis, Nicholas A and Fowler, James H},
  journal={New England Journal of Medicine},
  volume={357},
  number={4},
  pages={370--379},
  year={2007},
  publisher={Mass Medical Soc}
}

@article{glaeser1996,
  title={Crime and social interactions},
  author={Glaeser, Edward L and Sacerdote, Bruce and Scheinkman, Jose A},
  journal={The Quarterly Journal of Economics},
  volume={111},
  number={2},
  pages={507--548},
  year={1996},
  publisher={Oxford University Press}
}

@article{jones1994,
  title={Health, addiction, social interaction and the decision to quit smoking},
  author={Jones, Andrew M},
  journal={Journal of health economics},
  volume={13},
  number={1},
  pages={93--110},
  year={1994},
  publisher={Elsevier}
}

@article{crane1991,
  title={The epidemic theory of ghettos and neighborhood effects on dropping out and teenage childbearing},
  author={Crane, Jonathan},
  journal={American Journal of Sociology},
  pages={1226--1259},
  year={1991},
  publisher={JSTOR}
}

@techreport{case1991,
  title={The company you keep: The effects of family and neighborhood on disadvantaged youths},
  author={Case, Anne C and Katz, Lawrence F},
  year={1991},
  institution={National Bureau of Economic Research}
}

@article{rogowski2012,
  title={Estimating the causal effects of social interaction with endogenous networks},
  author={Rogowski, Jon C and Sinclair, Betsy},
  journal={Political Analysis},
  volume={20},
  number={3},
  pages={316--328},
  year={2012},
  publisher={SPM-PMSAPSA}
}

@book{graham2010,
  title={Georgia Land Lottery Research},
  author={Graham, Paul K},
  year={2010},
  publisher={Georgia Genealogical Society}
}

@book{davis1979,
  title={The Georgia Land Lottery Papers, 1805-1914: Genealogical Data from the Loose Papers Filed in the Georgia Surveyor General Office, Concerning the Lots Won in the State Land Lotteries and the People who Won Them},
  author={Davis, Robert Scott and Lucas, Silas Emmett},
  year={1979},
  publisher={Southern Historical Press}
}

@book{wood1964,
  title={1805 Georgia Land Lottery},
  author={Wood, Virginia S. and Wood, Ralph V.},
  year={1964},
  publisher={Greenwood Press}
}

@inbook{act1805,
author = {Georgia General Assembly},
chapter = {Act of 11 May 1803},
crossref = {wood1964}
}

@book{meyers2012,
  title={Georgia: A Brief History},
  author={Meyers, Christopher C and Williams, David},
  year={2012},
  publisher={Mercer University Press}
}

@book{graham2005,
  title={1805 Georgia Land Lottery Persons Entitled to Draws},
  author={Graham, Paul K},
  year={2005},
  publisher={Genealogy Company}
}

@book{graham2004,
  title={1805 Georgia Land Lottery Fortunate Drawers and Grantees},
  author={Graham, Paul K},
  year={2004},
  publisher={Genealogy Company}
}

@book{coleman1991,
  title={A history of Georgia},
  author={Coleman, Kenneth},
  year={1991},
  publisher={University of Georgia Press}
}

@article{weiman1991,
  title={Peopling the land by lottery?: The market in public lands and the regional differentiation of territory on the Georgia frontier},
  author={Weiman, David F},
  journal={The Journal of Economic History},
  volume={51},
  number={04},
  pages={835--860},
  year={1991},
  publisher={Cambridge Univ Press}
}

@inbook{debats1990,
  title={Elites and Masses: Political Structure, Communication and Behavior in Ante-Bellum Georgia},
  author={DeBats, Donald Arthur},
  year={1990},
  publisher={Garland Publishing Company}
  crossref = {meyers2012}
}

@unpublished{clark2012,
  title={What is the True Rate of Social Mobility? Surnames and Social Mobility in England, 1800-2012},
  author={Clark, Gregory and Cummins, Neil},
  institution={UC Davis},
  year={2012}
}

@article{hansen2009,
  title={Attributing Effects to a Cluster-Randomized Get-Out-the-Vote Campaign},
  author={Hansen, Ben B and Bowers, Jake},
  journal={Journal of the American Statistical Association},
  volume={104},
  number={487},
  pages={873--885},
  year={2009},
  publisher={American Statistical Association}
}

@book{rosenbaum2002,
  title={Observational studies},
  author={Rosenbaum, Paul R},
  year={2002},
  publisher={Springer}
}

@article{rosenbaum2002covariance,
  title={Covariance adjustment in randomized experiments and observational studies},
  author={Rosenbaum, Paul R},
  journal={Statistical Science},
  volume={17},
  number={3},
  pages={286--327},
  year={2002},
  publisher={Institute of Mathematical Statistics}
}

@article{ernst2004,
  title={Permutation methods: A basis for exact inference},
  author={Ernst, Michael D},
  journal={Statistical Science},
  volume={19},
  number={4},
  pages={676--685},
  year={2004},
  publisher={Institute of Mathematical Statistics}
}

@book{fisher1935,
  title={The Design of Experiments.},
  author={Fisher, Ronald Aylmer},
  year={1935},
  publisher={Oliver \& Boyd}
}

@article{besley1997,
  title={An economic model of representative democracy},
  author={Besley, Timothy and Coate, Stephen},
  journal={The Quarterly Journal of Economics},
  volume={112},
  number={1},
  pages={85--114},
  year={1997},
  publisher={Oxford University Press}
}

@article{besley2005,
  title={Political selection},
  author={Besley, Timothy},
  journal={The Journal of Economic Perspectives},
  volume={19},
  number={3},
  pages={43--60},
  year={2005},
  publisher={JSTOR}
}

@article{fiorina1994,
  title={Divided government in the American states: a byproduct of legislative professionalism?},
  author={Fiorina, Morris P},
  journal={American Political Science Review},
  pages={304--316},
  year={1994},
  publisher={JSTOR}
}

@article{fiorina1999,
  title={Further evidence of the partisan consequences of legislative professionalism},
  author={Fiorina, Morris P},
  journal={American Journal of Political Science},
  pages={974--977},
  year={1999},
  publisher={JSTOR}
}

@article{osborne1996,
  title={A model of political competition with citizen-candidates},
  author={Osborne, Martin J and Slivinski, Al},
  journal={The Quarterly Journal of Economics},
  volume={111},
  number={1},
  pages={65--96},
  year={1996},
  publisher={Oxford University Press}
}

@article{caselli2004,
  title={Bad politicians},
  author={Caselli, Francesco and Morelli, Massimo},
  journal={Journal of Public Economics},
  volume={88},
  pages={759--782},
  year={2004}
}

@article{messner2004,
  title={Paying politicians},
  author={Messner, Matthias and Polborn, Mattias K},
  journal={Journal of Public Economics},
  volume={88},
  number={12},
  pages={2423--2445},
  year={2004},
  publisher={Elsevier}
}

@article{mattozzi2005,
  title={Political Careers or Career Politicians?},
  author={Mattozzi, Andrea and Merlo, Antonio},
  year={2005}
}

@article{carnes2012,
  title={Does the Numerical Underrepresentation of the Working Class in Congress Matter?},
  author={Carnes, Nicholas},
  journal={Legislative Studies Quarterly},
  volume={37},
  number={1},
  pages={5--34},
  year={2012},
  publisher={Wiley Online Library}
}

@book{matthews1954,
  title={The social background of political decision-makers},
  author={Matthews, Donald R},
  volume={8},
  year={1954},
  publisher={Doubleday}
}

@article{jefferson1813,
  title={The Natural Aristocracy},
  author={Jefferson, Thomas},
  journal={Letter to John Adams. October},
  volume={28},
  year={1813}
}

@unpublished{bleakley2013,
  title={Shocking Behavior: Random Wealth in Antebellum Georgia and Human Capital Across Generations},
  author={Bleakley, Hoyt and Ferrie, Joseph P},
  year={2013},
  institution={National Bureau of Economic Research}
}

@unpublished{bleakley2013up,
  title={Up from Poverty? The 1832 Cherokee Land Lottery and the Long-run Distribution of Wealth},
  author={Bleakley, Hoyt and Ferrie, Joseph P},
  year={2013},
  institution={National Bureau of Economic Research}
}

@article{carroll2011,
  title={DW-NOMINATE scores with bootstrapped standard errors},
  author={Carroll, Royce and Lewis, Jeff and Lo, James and McCarty, Nolan and Poole, Keith and Rosenthal, Howard},
  journal={Available at: voteview.com/dwnomin.htm},
  year={2011}
}

@article{ruggles2010,
  title={Integrated Public Use Microdata Series (IPUMS): Version 5.0 [Machine-readable database]},
  author={Ruggles, S. and Alexander, T. and Genadek, K. and Goeken, R. and Schroeder, M. and Sobek, M.},
  journal={University of Minnesota, Minneapolis, available at \url{http://usa.ipums.org},
  year={2010}
}

@article{napp2008,
  title={Minnesota Population Center. North Atlantic Population Project: Complete Count Microdata. Version 2.0 [Machine-readable database]},
  author={NAPP},
  journal={Minneapolis, MN: Minnesota Population Center, available at \url{https://www.nappdata.org},
  year={2008}
}

@article{haines2010,
  title={Historical, Demographic, Economic, and Social Data: The United States, 1790-2002. ICPSR02896-v3.},
  author={Haines, Michael R, and Inter-university Consortium for Political and Social Research},
  journal={Ann Arbor, MI: Inter-university Consortium for Political and Social Research},
  year={2010}
}

@misc{officer2011,
  title={The annual consumer price index for the united states, 1774-2010},
  author={Officer, L and Williamson, S},
  year={2011},
  publisher={MeasuringWorth}
}

@unpublished{guell2007,
  title={Intergenerational mobility and the informative content of surnames},
  author={Guell, Maia and Rodr{\'\i}guez Mora, Jos{\'e} and Telmer, Christopher},
  year={2007},
  publisher={CEPR Discussion Paper No. DP6316}
}

@article{gilens2014,
  title={Testing Theories of American Politics: Elites, Interest Groups, and Average Citizens},
  author={Gilens, Martin and Page, Benjamin I},
  journal={Perspectives on Politics},
  year={2014}
}

@article{doherty2006,
  title={Personal income and attitudes toward redistribution: A study of lottery winners},
  author={Doherty, Daniel and Gerber, Alan S and Green, Donald P},
  journal={Political Psychology},
  volume={27},
  number={3},
  pages={441--458},
  year={2006},
  publisher={Wiley Online Library}
}

@book{beard1913,
  title={An Economic Interpretation of the Constitution of the United States},
  author={Beard, Charles A},
  year={1913},
  publisher={McMaster University Archive for the History of Economic Thought}
}

@book{becker1909,
  title={The history of political parties in the province of New York, 1760-1776},
  author={Becker, Carl Lotus},
  volume={2},
  number={1},
  year={1909},
  publisher={University of Wisconsin.}
}

@article{hacker2010,
  title={Decennial life tables for the white population of the United States, 1790--1900},
  author={Hacker, J David},
  journal={Historical methods},
  volume={43},
  number={2},
  pages={45--79},
  year={2010},
  publisher={Taylor \& Francis}
}

@article{neyman1923,
  title={On the application of probability theory to agricultural experiments},
  author={Neyman, Jerzy},
  journal={Annals of Agricultural Sciences},
  volume={51},
  number={1},
  year={1923},
  note-={Reprinted in \cite{splawa1990}}
}

@article{splawa1990,
  title={On the application of probability theory to agricultural experiments. Essay on principles. Section 9},
  author={Splawa-Neyman, Jerzy and Dabrowska, DM and Speed, TP and others},
  journal={Statistical Science},
  volume={5},
  number={4},
  pages={465--472},
  year={1990},
  publisher={Institute of Mathematical Statistics}
}

@article{angrist1996,
  title={Identification of causal effects using instrumental variables},
  author={Angrist, Joshua D and Imbens, Guido W and Rubin, Donald B},
  journal={Journal of the American statistical Association},
  volume={91},
  number={434},
  pages={444--455},
  year={1996},
  publisher={Taylor \& Francis}
}

@book{simons1912,
  title={Social forces in American history},
  author={Simons, Algie Martin},
  year={1912},
  publisher={Macmillan}
}

@book{helper1860,
  title={The Impending Crisis of the South: How to Meet It},
  author={Helper, Hinton Rowan},
  year={1860},
  publisher={AB Burdick}
}

@article{madison1787,
  title={Federalist 10},
  author={Madison, James},
  journal={The Federalist Papers},
  pages={77--84},
  year={1787},
  publisher={New York: Penguin}
}

@article{eggers2009,
  title={MPs for sale?: Returns to office in postwar British politics},
  author={Eggers, Andrew C and Hainmueller, Jens},
  journal={American Political Science Review},
  volume={103},
  number={04},
  pages={513--533},
  year={2009},
  publisher={Cambridge Univ Press}
}

@book{farrand1911,
  title={The records of the federal convention of 1787},
  author={Farrand, Max},
  volume={2},
  year={1911},
  publisher={Yale University Press}
}

@book{marx1867,
  title={Capital, A critical analysis of capitalist production},
  author={Marx, Karl},
  volume={3},
  chapter={20},
  year={1867},
  publisher={Moscow: Progress Publishers}
}

@book{ferguson2011,
  title={Golden rule: The investment theory of party competition and the logic of money-driven political systems},
  author={Ferguson, Thomas},
  chapter={1},
  year={2011},
  publisher={University of Chicago Press}
}

@book{ferguson1767,
  title={An Essay on the History of Civil Society},
  author={Ferguson, Adam},
  year={1767},
  note={Pt. 4.2}
}

@book{winters2011,
  title={Oligarchy},
  author={Winters, Jeffrey A},
  year={2011},
  publisher={Cambridge University Press}
}

@article{winters2009,
  title={Oligarchy in the United States?},
  author={Winters, Jeffrey A and Page, Benjamin I},
  journal={Perspectives on Politics},
  volume={7},
  number={04},
  pages={731--751},
  year={2009},
  publisher={Cambridge Univ Press}
}

@unpublished{rossi2011,
  title={Wealth and Political Power: Evidence from the Foundation of Buenos Aires},
  author={Rossi, M},
  journal={Buenos Aires, Argentina: Universidad de San Andr{\'e}s. Mimeographed document},
  year={2011}
}

@article{querubin2013,
  title={The Control of Politicians in Normal Times and Times of Crisis: Wealth Accumulation by U.S. Congressmen, 1850-1880},
  author={Querubin, Pablo and Snyder Jr, James M},
  journal={Quarterly Journal of Political Science},
  volume={8},
  number={4},
  pages={409--450},
  year={2013}
}

@article{marx1861,
  title={The North American Civil War/The Civil War in the United States},
  author={Marx, Karl},
  journal={Die Presse},
  number={223/306},
  year={1861},
  date={October 25, 1861/November 7, 1861},
  note-={Reprinted in \cite{marx1964}}
}

@book{marx1964,
  title={Marx/Engels Collected Works, Vol. 19},
  author={Marx, Karl and Engels, Friedrich},
  year={1964},
  publisher={Moscow: Progress Publishers}
}

@book{davis1981,
  title={Research in Georgia},
  author={Davis, Robert Scott},
  year={1981},
  publisher={Southern Historical Press}
}

@book{cadle1991,
  title={Georgia land surveying history and law},
  author={Cadle, Farris W},
  year={1991},
  publisher={University of Georgia Press}
}

@book{chappell1874,
  title={Miscellanies of Georgia: Historical, Biographical, Descriptive},
  author={Chappell, Absalom Harris},
  year={1874},
  volume={2}
}

@book{graham2011,
  title={1807 Georgia Land Lottery Fortunate Drawers and Grantees},
  author={Graham, Paul K},
  year={2011},
  publisher={Genealogy Company}
}

@article{govan1938,
  title={Banking and the credit system in Georgia, 1810-1860},
  author={Govan, Thomas P},
  journal={The Journal of Southern History},
  volume={4},
  number={2},
  pages={164--184},
  year={1938},
  publisher={JSTOR}
}

@book{clayton1812,
  title={A Compilation of the Laws of the State of Georgia: Passed by the Legislature Since the Political Year 1800, to the Year 1810, Inclusive},
  author={Clayton, Augustin Smith and Adams, Thomas W and others},
  year={1812},
  publisher={Adams \& Duyckinck}
}

@article{holland1986,
  title={Statistics and causal inference},
  author={Holland, Paul W},
  journal={Journal of the American statistical Association},
  volume={81},
  number={396},
  pages={945--960},
  year={1986},
  publisher={Taylor \& Francis}
}

@article{long1995,
  title={Atlas of historical county boundaries},
  author={Long, John H},
  journal={The Journal of American History},
  pages={1859--1863},
  year={1995},
  publisher={JSTOR}
}

@article{rosenbaum2007,
  title={Interference between units in randomized experiments},
  author={Rosenbaum, Paul R},
  journal={Journal of the American Statistical Association},
  volume={102},
  number={477},
  year={2007}
}

@article{rubin1990,
  title={Comment: Neyman (1923) and causal inference in experiments and observational studies},
  author={Rubin, Donald B},
  journal={Statistical Science},
  volume={5},
  number={4},
  pages={472--480},
  year={1990}
}

@article{ho2006,
  title={Randomization inference with natural experiments: An analysis of ballot effects in the 2003 California recall election},
  author={Ho, Daniel E and Imai, Kosuke},
  journal={Journal of the American Statistical Association},
  volume={101},
  number={475},
  pages={888--900},
  year={2006},
  publisher={Taylor \& Francis}
}

@article{panagopoulos2012,
  title={Do newspaper ads raise voter turnout? Evidence from a randomized field experiment},
  author={Panagopoulos, Costas and Bowers, Jake},
  journal={Unpublished manuscript},
  year={2012}
}

@article{bowers2011,
  title={Fisher’s randomization mode of statistical inference, then and now},
  author={Bowers, Jake and Panagopoulos, Costas},
  journal={Unpublished manuscript},
  year={2011}
}

@article{bertoli2014,
  title={Overcoming attrition in experimental research},
  author={Bertoli, Andrew},
  journal={Unpublished manuscript},
  year={2014}
}

@article{hemperley1982,
  title={The Georgia Surveyor General Department},
  author={Hemperley, Marion R},
  journal={Atlanta: State Printing Office},
  year={1982}
}

@book{davis1979,
  title={The Georgia Land Lottery Papers, 1805-1914: Genealogical Data from the Loose Papers Filed in the Georgia Surveyor General Office, Concerning the Lots Won in the State Land Lotteries and the People who Won Them},
  author={Davis, Robert Scott and Lucas, Silas Emmett},
  year={1979},
  publisher={Southern Historical Press}
}

@book{carey2012,
  title={Parties, Slavery, and the Union in Antebellum Georgia},
  author={Carey, Anthony Gene},
  year={2012},
  publisher={University of Georgia Press}
}

@book{lamplugh1986,
  title={Politics on the Periphery: Factions and Parties in Georgia, 1783-1806},
  author={Lamplugh, George R},
  year={1986},
  publisher={University of Delaware Press}
}

@misc{emory,
author = "Emory University Libraries",
title = "Internet Archive",
howpublished = "\url{https://archive.org/details/emory}",
note = "[Online; accessed 08-September-2014]"
}

@misc{newsbank,
author = “Newsbank Archive of Americana”,
title = "Early American Imprints, Series II: Shaw-Shoemaker, 1801-1819",
howpublished = "\url{http://www.readex.com/content/early-american-imprints-series-ii-shaw-shoemaker-1801-1819}",
note = "[Online; accessed 08-September-2014]"
}

@misc{dlg,
author = “University of Georgia Libraries”,
title = "Digital Library of Georgia",
howpublished = "\url{http://dlg.galileo.usg.edu/}",
note = "[Online; accessed 08-September-2014]"
}

@article{truex2013,
  title={The returns to office in a “Rubber Stamp” parliament},
  author={Truex, Rory},
  journal={American Political Science Review},
  pages={1--17},
  year={2013},
  publisher={Cambridge Univ Press}
}

@article{breiman2001,
  title={Random forests},
  author={Breiman, Leo},
  journal={Machine learning},
  volume={45},
  number={1},
  pages={5--32},
  year={2001},
  publisher={Springer}
}

@article{hartman2014,
  title={From SATE to PATT: Combining Experimental with Observational Studies to Estimate Population Treatment Effects},
  author={Hartman, Erin and Grieve, Richard and Ramsahai, Roland and Sekhon, Jasjeet S}
}

@book{blair1926,
  title={Some early tax digests of Georgia},
  author={Blair, Ruth},
  year={1926},
  publisher={The Georgia Department of Archives and History}
}


@book{archives1890,
  title={Georgia Tax Digests},
  author={Archives, Georgia},
  year={1890},
  publisher={Morrow, Georgia: Georgia Archives}
}