@article{Hartman,
	author = {Hartman, Erin and Grieve, Richard and Ramsahai, Roland and Sekhon, Jasjeet S.},
	journal = {Journal of the Royal Statistical Society, Series A},
	title = {From SATE to PATT: Combining Experimental with Observational Studies to Estimate Population Treatment Effects},
	volume = {178},
	number = {3},
	pages = {757--778},
	year = {2015}
	}

@article{Taubman,
	author = {Taubman, Sarah and Allen, Heidi and Wright, Bill and Baicker, Katherine and Finkelstein, Amy and the Oregon Health Study Group},
	title = {Medicaid Increases Emergency Department Use: Evidence from Oregon's Health Insurance Experiment},
	journal = {Science},
	year = {2014},
	month = {January},
	volume = {343},
	number = {6168},
	pages = {263--268}
	}
	
	
@misc{NHIS,
	author = {National Center for Health Statistics},
	title = {National Health Interview Survey},
	howpublished = {\url{http://www.cdc.gov/nchs/nhis.htm}},
	note = {April 2015}
	}
	
@misc{BRFSS,
	author = {Centers for Disease Control and Prevention},
	title = {Behavioral Risk Factor Surveillance System},
	howpublished = {\url{http://www.cdc.gov/brfss/index.html}},
	note = {April 2015}
	}

@article{finkelstein2012,
  title={THE OREGON HEALTH INSURANCE EXPERIMENT: EVIDENCE FROM THE FIRST YEAR},
  author={Finkelstein, Amy and Taubman, Sarah and Wright, Bill and Bernstein, Mira and Gruber, Jonathan and Newhouse, Joseph P and Allen, Heidi and Baicker, Katherine and Oregon Health Study Group and others},
  journal={The quarterly journal of economics},
  volume={127},
  number={3},
  pages={1057},
  year={2012},
  publisher={NIH Public Access}
}

@article{Angrist1996,
	title = {Identification of Causal Effects Using Instrumental Variables},
	author = {Angrist, Joshua D. and Imbens, Guido W. and Rubin, Donald B.},
	journal = {Journal of the American Statistical Association},
	volume = {91},
	number = {434},
	month = {June},
	year = {1996},
	pages = {444--455}
}

@article{baicker2013,
  title={The Oregon experimentâ€”effects of Medicaid on clinical outcomes},
  author={Baicker, Katherine and Taubman, Sarah L and Allen, Heidi L and Bernstein, Mira and Gruber, Jonathan H and Newhouse, Joseph P and Schneider, Eric C and Wright, Bill J and Zaslavsky, Alan M and Finkelstein, Amy N},
  journal={New England Journal of Medicine},
  volume={368},
  number={18},
  pages={1713--1722},
  year={2013},
  publisher={Mass Medical Soc}
}

@article{baicker2014,
  title={The Impact of Medicaid on Labor Market Activity and Program Participation: Evidence from the Oregon Health Insurance Experiment.},
  author={Baicker, K and Finkelstein, A and Song, J and Taubman, S},
  journal={The American economic review},
  volume={104},
  number={5},
  pages={322},
  year={2014}
}

@article{breiman2001,
  title={Random forests},
  author={Breiman, Leo},
  journal={Machine learning},
  volume={45},
  number={1},
  pages={5--32},
  year={2001},
  publisher={Springer}
}

@article{van2007,
  title={Super learner},
  author={van der Laan, Mark J and Polley, Eric C and Hubbard, Alan E},
  journal={Statistical applications in genetics and molecular biology},
  volume={6},
  number={1},
  year={2007}
}